%% This BibTeX bibliography file was created using BibDesk.
%% http://bibdesk.sourceforge.net/

%% Created for Z.Zhang at 2016-06-25 04:31:00 +0100 


%% Saved with string encoding Unicode (UTF-8) 



@article{milbourne1983optimal,
	Author = {Milbourne, Ross},
	Date-Added = {2016-06-25 03:30:51 +0000},
	Date-Modified = {2016-06-25 03:30:51 +0000},
	Journal = {International Economic Review},
	Pages = {685--698},
	Publisher = {JSTOR},
	Title = {Optimal money holding under uncertainty},
	Year = {1983}}

@article{eppen1968solutions,
	Author = {Eppen, Gary D and Fama, Eugene F},
	Date-Added = {2016-06-25 03:13:54 +0000},
	Date-Modified = {2016-06-25 03:13:54 +0000},
	Journal = {The Journal of Business},
	Number = {1},
	Pages = {94--112},
	Publisher = {JSTOR},
	Title = {Solutions for cash-balance and simple dynamic-portfolio problems},
	Volume = {41},
	Year = {1968}}

@article{miller1966model,
	Author = {Miller, Merton H and Orr, Daniel},
	Date-Added = {2016-06-25 02:57:55 +0000},
	Date-Modified = {2016-06-25 02:57:55 +0000},
	Journal = {The Quarterly journal of economics},
	Pages = {413--435},
	Publisher = {JSTOR},
	Title = {A Model of the Demand for Money by Firms},
	Year = {1966}}

@article{whalen1966rationalization,
	Author = {Whalen, Edward L},
	Date-Added = {2016-06-25 01:47:24 +0000},
	Date-Modified = {2016-06-25 01:47:24 +0000},
	Journal = {The Quarterly Journal of Economics},
	Pages = {314--324},
	Publisher = {JSTOR},
	Title = {A rationalization of the precautionary demand for cash},
	Year = {1966}}

@article{ogden1998model,
	Author = {Ogden, William A and Sundaram, Srinivasan},
	Date-Added = {2016-06-25 01:41:15 +0000},
	Date-Modified = {2016-06-25 01:41:15 +0000},
	Publisher = {Citeseer},
	Title = {A model for optimal utilization of a firm's line of credit},
	Year = {1998}}

@article{sastry1970effect,
	Author = {Sastry, ASR},
	Date-Added = {2016-06-25 01:30:57 +0000},
	Date-Modified = {2016-06-25 01:30:57 +0000},
	Journal = {The Journal of Finance},
	Number = {4},
	Pages = {777--781},
	Publisher = {Wiley Online Library},
	Title = {The effect of credit on transactions demand for cash},
	Volume = {25},
	Year = {1970}}

@article{postali2006geometric,
	Author = {Postali, Fernando AS and Picchetti, Paulo},
	Date-Added = {2016-06-25 00:34:19 +0000},
	Date-Modified = {2016-06-25 00:34:19 +0000},
	Journal = {Energy Economics},
	Number = {4},
	Pages = {506--522},
	Publisher = {Elsevier},
	Title = {Geometric Brownian motion and structural breaks in oil prices: a quantitative analysis},
	Volume = {28},
	Year = {2006}}

@article{baumol1952transactions,
	Author = {Baumol, William J},
	Date-Added = {2016-06-24 22:24:13 +0000},
	Date-Modified = {2016-06-24 22:24:13 +0000},
	Journal = {The Quarterly Journal of Economics},
	Pages = {545--556},
	Publisher = {JSTOR},
	Title = {The transactions demand for cash: An inventory theoretic approach},
	Year = {1952}}

@article{stroud1966gaussian,
	Author = {Stroud, Arthur H and Secrest, Don},
	Date-Added = {2016-06-24 19:11:48 +0000},
	Date-Modified = {2016-06-24 19:11:48 +0000},
	Publisher = {Prentice-Hall},
	Title = {Gaussian quadrature formulas},
	Year = {1966}}

@article{bensoussan2005optimality,
	Author = {Bensoussan, Alain and Liu, RH and Sethi, Suresh P},
	Date-Added = {2016-06-07 01:37:12 +0000},
	Date-Modified = {2016-06-07 01:37:12 +0000},
	Journal = {SIAM Journal on Control and Optimization},
	Number = {5},
	Pages = {1650--1676},
	Publisher = {SIAM},
	Title = {Optimality of an (s,S) policy with compound Poisson and diffusion demands: A quasi-variational inequalities approach},
	Volume = {44},
	Year = {2005}}

@article{sato2011stochastic,
	Author = {Sato, Kimitoshi and Suzuki, Atsuo},
	Date-Added = {2016-01-15 15:21:04 +0000},
	Date-Modified = {2016-01-15 15:21:04 +0000},
	Journal = {Operations Research and Its Applications},
	Title = {Stochastic cash management problem with double exponential jump diffusion processes},
	Year = {2011}}

@article{feinberg2005optimality,
	Author = {Feinberg, Eugene A and Lewis, Mark E},
	Date-Added = {2016-01-15 15:16:37 +0000},
	Date-Modified = {2016-01-15 15:16:37 +0000},
	Journal = {Probability in the Engineering and Informational Sciences},
	Number = {01},
	Pages = {45--71},
	Publisher = {Cambridge Univ Press},
	Title = {Optimality of four-threshold policies in inventory systems with customer returns and borrowing/storage options},
	Volume = {19},
	Year = {2005}}

@article{baccarin2002optimal,
	Author = {Baccarin, Stefano},
	Date-Added = {2015-11-04 11:35:14 +0000},
	Date-Modified = {2015-11-04 11:36:44 +0000},
	Journal = {Decisions in Economics and Finance},
	Number = {1},
	Pages = {19--32},
	Publisher = {Springer-Verlag Italia Srl},
	Title = {Optimal impulse control for cash management with quadratic holding-penalty costs},
	Volume = {25},
	Year = {2002}}

@article{denis2009financial,
	Author = {Denis, David J and Sibilkov, Valeriy},
	Date-Added = {2015-11-03 19:39:16 +0000},
	Date-Modified = {2015-11-03 19:39:16 +0000},
	Journal = {Review of Financial Studies},
	Pages = {hhp031},
	Publisher = {Soc Financial Studies},
	Title = {Financial constraints, investment, and the value of cash holdings},
	Year = {2009}}

@article{chen2009new,
	Author = {Chen, Xin and Simchi-Levi, David},
	Date-Added = {2015-11-03 19:35:56 +0000},
	Date-Modified = {2015-11-03 19:35:56 +0000},
	Journal = {Probability in the Engineering and Informational Sciences},
	Number = {04},
	Pages = {545--562},
	Publisher = {Cambridge Univ Press},
	Title = {A new approach for the stochastic cash balance problem with fixed costs},
	Volume = {23},
	Year = {2009}}

@article{chen2005assessing,
	Author = {Chen, Hong-Long and O'Brien, William J and Herbsman, Zohar J},
	Date-Added = {2015-11-03 19:35:21 +0000},
	Date-Modified = {2015-11-03 19:35:21 +0000},
	Journal = {Journal of Construction Engineering and Management},
	Number = {6},
	Pages = {669--676},
	Publisher = {American Society of Civil Engineers},
	Title = {Assessing the accuracy of cash flow models: the significance of payment conditions},
	Volume = {131},
	Year = {2005}}

@article{baccarin2006optimal,
	Author = {Baccarin, Stefano and Sanfelici, Simona},
	Date-Added = {2015-11-03 19:33:01 +0000},
	Date-Modified = {2015-11-03 19:33:01 +0000},
	Journal = {Computational Management Science},
	Number = {1},
	Pages = {81--100},
	Publisher = {Springer},
	Title = {Optimal impulse control on an unbounded domain with nonlinear cost functions},
	Volume = {3},
	Year = {2006}}

@article{topaloglou2008dynamic,
	Author = {Topaloglou, Nikolas and Vladimirou, Hercules and Zenios, Stavros A},
	Date-Added = {2015-11-03 19:32:21 +0000},
	Date-Modified = {2015-11-03 19:32:21 +0000},
	Journal = {European Journal of Operational Research},
	Number = {3},
	Pages = {1501--1524},
	Publisher = {Elsevier},
	Title = {A dynamic stochastic programming model for international portfolio management},
	Volume = {185},
	Year = {2008}}

@article{almeida2004cash,
	Author = {Almeida, Heitor and Campello, Murillo and Weisbach, Michael S},
	Date-Added = {2015-11-03 19:30:38 +0000},
	Date-Modified = {2015-11-03 19:30:38 +0000},
	Journal = {The Journal of Finance},
	Number = {4},
	Pages = {1777--1804},
	Publisher = {Wiley Online Library},
	Title = {The cash flow sensitivity of cash},
	Volume = {59},
	Year = {2004}}

@article{nascimento2010dynamic,
	Author = {Nascimento, Juliana and Powell, Warren},
	Date-Added = {2015-11-03 19:30:00 +0000},
	Date-Modified = {2015-11-03 19:30:00 +0000},
	Journal = {Management Science},
	Number = {5},
	Pages = {801--815},
	Publisher = {INFORMS},
	Title = {Dynamic programming models and algorithms for the mutual fund cash balance problem},
	Volume = {56},
	Year = {2010}}

@article{feinberg2007optimality,
	Author = {Feinberg, Eugene A and Lewis, Mark E},
	Date-Added = {2015-11-03 19:28:45 +0000},
	Date-Modified = {2015-11-03 19:28:45 +0000},
	Journal = {Mathematics of Operations Research},
	Number = {4},
	Pages = {769--783},
	Publisher = {INFORMS},
	Title = {Optimality inequalities for average cost Markov decision processes and the stochastic cash balance problem},
	Volume = {32},
	Year = {2007}}

@article{cui2010systems,
	Author = {Cui, Qingbin and Hastak, Makarand and Halpin, Daniel},
	Date-Added = {2015-11-03 19:27:52 +0000},
	Date-Modified = {2015-11-03 19:27:52 +0000},
	Journal = {Construction Management and Economics},
	Number = {4},
	Pages = {361--376},
	Publisher = {Taylor \&amp; Francis},
	Title = {Systems analysis of project cash flow management strategies},
	Volume = {28},
	Year = {2010}}

@article{premachandra2004diffusion,
	Author = {Premachandra, IM},
	Date-Added = {2015-11-03 19:27:18 +0000},
	Date-Modified = {2015-11-03 19:27:18 +0000},
	Journal = {European Journal of Operational Research},
	Number = {1},
	Pages = {218--226},
	Publisher = {Elsevier},
	Title = {A diffusion approximation model for managing cash in firms: An alternative approach to the Miller--Orr model},
	Volume = {157},
	Year = {2004}}

@article{hinderer2001cash,
	Author = {Hinderer, Karl and Waldmann, K-H},
	Date-Added = {2015-11-03 19:26:26 +0000},
	Date-Modified = {2015-11-03 19:26:26 +0000},
	Journal = {European Journal of Operational Research},
	Number = {3},
	Pages = {468--485},
	Publisher = {Elsevier},
	Title = {Cash management in a randomly varying environment},
	Volume = {130},
	Year = {2001}}

@article{mierzejewski2010model,
	Author = {Mierzejewski, Fernando},
	Date-Added = {2015-11-03 19:25:49 +0000},
	Date-Modified = {2015-11-03 19:25:49 +0000},
	Journal = {IMA Journal of Management Mathematics},
	Pages = {dpq001},
	Publisher = {IMA},
	Title = {A model of equilibrium in markets of cash balances},
	Year = {2010}}

@article{gormley2007utility,
	Author = {Gormley, Fionnuala M and Meade, Nigel},
	Date-Added = {2015-11-03 19:24:18 +0000},
	Date-Modified = {2015-11-03 19:24:18 +0000},
	Journal = {European Journal of Operational Research},
	Number = {2},
	Pages = {923--935},
	Publisher = {Elsevier},
	Title = {The utility of cash flow forecasts in the management of corporate cash balances},
	Volume = {182},
	Year = {2007}}

@inproceedings{sato2009optimal,
	Author = {Sato, Kimitoshi and Sawaki, Katsushige},
	Booktitle = {The Eighth International Symposium on Operations Research and Its Applications},
	Date-Added = {2015-11-03 19:23:38 +0000},
	Date-Modified = {2015-11-03 19:23:38 +0000},
	Organization = {Citeseer},
	Pages = {323--331},
	Title = {Optimal impulse control for cash management with two sources of short-term funds},
	Year = {2009}}

@article{baccarin2009optimal,
	Author = {Baccarin, Stefano},
	Date-Added = {2015-11-03 19:22:46 +0000},
	Date-Modified = {2015-11-03 19:22:46 +0000},
	Journal = {European Journal of Operational Research},
	Number = {1},
	Pages = {198--206},
	Publisher = {Elsevier},
	Title = {Optimal impulse control for a multidimensional cash management system with generalized cost functions},
	Volume = {196},
	Year = {2009}}

@article{da2014evolutionary,
	Author = {da Costa Moraes, Marcelo Botelho and Nagano, Marcelo Seido},
	Date-Added = {2015-11-03 19:21:00 +0000},
	Date-Modified = {2015-11-03 19:21:00 +0000},
	Journal = {Economic Modelling},
	Pages = {1--7},
	Publisher = {Elsevier},
	Title = {Evolutionary models in cash management policies with multiple assets},
	Volume = {39},
	Year = {2014}}

@article{bar2004generalized,
	Author = {Bar-Ilan, Avner and Perry, David and Stadje, Wolfgang},
	Date-Added = {2015-11-03 19:20:20 +0000},
	Date-Modified = {2015-11-03 19:20:20 +0000},
	Journal = {Journal of Economic Dynamics and Control},
	Number = {6},
	Pages = {1013--1033},
	Publisher = {Elsevier},
	Title = {A generalized impulse control model of cash management},
	Volume = {28},
	Year = {2004}}

@article{feng2010computational,
	Author = {Feng, Haolin and Muthuraman, Kumar},
	Date-Added = {2015-11-03 19:19:41 +0000},
	Date-Modified = {2015-11-03 19:19:41 +0000},
	Journal = {Mathematics of Operations Research},
	Number = {4},
	Pages = {830--850},
	Publisher = {INFORMS},
	Title = {A computational method for stochastic impulse control problems},
	Volume = {35},
	Year = {2010}}

@article{han2007corporate,
	Author = {Han, Seungjin and Qiu, Jiaping},
	Date-Added = {2015-11-03 19:19:05 +0000},
	Date-Modified = {2015-11-03 19:19:05 +0000},
	Journal = {Journal of Corporate Finance},
	Number = {1},
	Pages = {43--57},
	Publisher = {Elsevier},
	Title = {Corporate precautionary cash holdings},
	Volume = {13},
	Year = {2007}}

@article{ferstl2010cash,
	Author = {Ferstl, Robert and Weissensteiner, Alex},
	Date-Added = {2015-11-03 19:18:15 +0000},
	Date-Modified = {2015-11-03 19:18:15 +0000},
	Journal = {Quantitative Finance},
	Number = {2},
	Pages = {209--219},
	Publisher = {Taylor \&amp; Francis},
	Title = {Cash management using multi-stage stochastic programming},
	Volume = {10},
	Year = {2010}}

@article{luo2013joint,
	Author = {Luo, Wei and Shang, Kevin},
	Date-Added = {2015-11-03 19:17:21 +0000},
	Date-Modified = {2016-01-15 15:48:08 +0000},
	Journal = {Available at SSRN 2330764},
	Keywords = {XXX},
	Title = {Joint inventory and cash management for multi-divisional supply chains},
	Year = {2013}}

@article{castro2009stochastic,
	Author = {Castro, Jordi},
	Date-Added = {2015-11-03 19:16:19 +0000},
	Date-Modified = {2015-11-03 19:16:19 +0000},
	Journal = {European Journal of Operational Research},
	Number = {3},
	Pages = {963--974},
	Publisher = {Elsevier},
	Title = {A stochastic programming approach to cash management in banking},
	Volume = {192},
	Year = {2009}}

@article{optimal,
	Author = {Bensoussan, Alain and Chutani, Anshuman and Sethi, Suresh P},
	Date-Added = {2015-11-03 19:13:08 +0000},
	Date-Modified = {2016-01-15 15:48:16 +0000},
	Journal = {Operations Research Letters},
	Number = {6},
	Pages = {425--429},
	Publisher = {Elsevier},
	Title = {Optimal cash management under uncertainty},
	Volume = {37},
	Year = {2009}}

@article{Melo:2013aa,
	Author = {Melo, MarcosA.S. and Bilich, Feruccio},
	Date = {2013 %@ 1055-0925},
	Date-Added = {2015-11-03 19:00:04 +0000},
	Date-Modified = {2015-11-03 19:00:04 +0000},
	Date1 = {2013-04-01},
	G = {English},
	Journal = {Journal of Economics and Finance},
	Keywords = {Corporate Finance; Demand for Money; Cash Flow Optimization; Cash Flow Forecast; D92; E41; G11; G30},
	Number = {2},
	Pages = {240-252},
	Publisher = {Springer US},
	Title = {Expectancy balance model for cash flow},
	Type = {10.1007/s12197-011-9180-0},
	Url = {http://dx.doi.org/10.1007/s12197-011-9180-0},
	Volume = {37},
	Year = {2013},
	Bdsk-Url-1 = {http://dx.doi.org/10.1007/s12197-011-9180-0}}

@comment{BibDesk Static Groups{
<?xml version="1.0" encoding="UTF-8"?>
<!DOCTYPE plist PUBLIC "-//Apple//DTD PLIST 1.0//EN" "http://www.apple.com/DTDs/PropertyList-1.0.dtd">
<plist version="1.0">
<array>
	<dict>
		<key>group name</key>
		<string>Group</string>
		<key>keys</key>
		<string></string>
	</dict>
</array>
</plist>
}}
